
@online{flask_template_mine,
	title = {Flask Template - GitHub},
	url = {https://github.com/Durigy/flask-template},
	author = {{{Durigy (Alexander Deverson)}}},
	urldate = {2023-03-02},
	date = {2022-05-29},
        note = {[Accessed: 2023-03-02]}
}

@online{neilmosley_VLEs,
	title = {2022 Review: What's the state of the VLE market in UK higher education?},
	url = {https://www.neilmosley.com/blog/2022-review-whats-the-state-of-the-vle-market-in-uk-higher-education},
	author = {neilmosley.com},
	urldate = {2023-05-17},
	date = {2023-11-01},
        note = {[Accessed: 2023-05-017]}
}

@online{dissertaiton_github,
	title = {Dissertation - GitHub},
	url = {https://github.com/Durigy/dissertation},
	author = {{Durigy (Alexander Deverson)}},
	urldate = {2023-05-07},
	date = {2022-05-29},
    note = {[Accessed: 2023-05-07]}
}

@misc{cloud_flare,
    author = {CloudFlare},
    title = {CloudFlare},
    howpublished = {{Available at: \url{https://www.cloudflare.com/en-gb/}}. (2010--2023)}
}

@misc{mermaid_live,
    author = {Knut Sveidqvist},
    title = {Mermaid Live Editor},
    howpublished = {Available at: \url{https://mermaid.live/} (v10.1.0)}
}

@misc{blackboard_learn,
    author = {Blackboard Inc},
    title = {Blackboard Learn},
    howpublished = {Available at: \url{https://www.blackboard.com/en-uk/teaching-learning/learning-management/blackboard-learn} (v3900.67.0)}
}

@online{blackboard_learn_demo,
	title = {Blackboard Basics for Instructors},
	url = {https://www.youtube.com/watch?v=-3hgblQGgLQ},
	author = {UA Center for Instructional Technology},
    note = {[Accessed: 2023-05-19]}
}

@online{moodle_demo_1,
	title = {Moodle Demo},
	url = {https://www.youtube.com/watch?v=gtpVNjuM2dY},
	author = {TechnologyAdvice},
    note = {[Accessed: 2023-05-19]}
}

@online{moodle_demo_2,
	title = {What is a LMS Learning Management System? | What is moodle?},
	url = {https://www.youtube.com/watch?v=O0gXYFs-vUk},
	author = {Teacher & Student},
    note = {[Accessed: 2023-05-19]}
}

@online{moodle_demo_3,
	title = {Introduction to Moodle 4.0 | Moodle Academy},
	url = {https://www.youtube.com/watch?v=dZNC5kIvM00},
	author = {{Moodle}},
    note = {[Accessed: 2023-05-19]}
}

@misc{moodle,
    author = {Moodle},
    title = {Moodle},
    howpublished = {Available at: \url{https://moodle.com/} (v4.0)}
}

@online{Brightspace_demo_1,
	title = {D2L Brightspace 101: Build Better Learning Experiences},
	url = {https://www.youtube.com/watch?v=nlEXMHLZ5-E},
	author = {D2L},
    note = {[Accessed: 2023-05-19]}
}

@online{Brightspace_demo_2,
	title = {D2L Brightspace | Tips & Tricks | Making the Most of Release Conditions},
	url = {https://www.youtube.com/watch?v=Si6inHW0y_c},
	author = {{D2L}},
    note = {[Accessed: 2023-05-19]}
}

@online{Brightspace_demo_3,
	title = {How to use D2L},
	url = {https://www.youtube.com/watch?v=mVrhUYw_5UI},
	author = {Laurentian University - Université Laurentienne},
    note = {[Accessed: 2023-05-19]}
}

@online{google_classroom_demo_1,
	title = {How to Organize Google Classroom | EASY Tutorial},
	url = {https://www.youtube.com/watch?v=sYJErrN0A8k},
	author = {Pocketful of Primary},
    note = {[Accessed: 2023-05-19]}
}

@online{google_classroom_demo_2,
	title = {Getting Started with Google Classroom | EDTech Made Easy - GOOGLE CLASSROOM TUTORIAL},
	url = {https://www.youtube.com/watch?v=rCNImsWUxZA},
	author = {{Pocketful of Primary}},
    note = {[Accessed: 2023-05-19]}
}

@online{schoology_demo,
	title = {New to Schoology? Learn the Basics for Online Learning},
	url = {https://www.youtube.com/watch?v=iz5ye3DyvqU},
	author = {schoology},
    note = {[Accessed: 2023-05-19]}
}

@online{Cornerstone_demo_1,
	title = {Cornerstone Learning Demo Video},
	url = {https://www.youtube.com/watch?v=-9-jzZqGB-4},
	author = {Cornerstone OnDemand},
    note = {[Accessed: 2023-05-19]}
}

@online{Cornerstone_demo_2,
	title = {Cornerstone Overview & Navigation Training},
	url = {https://www.youtube.com/watch?v=lD14Ig0iidc},
	author = {uichroe},
    note = {[Accessed: 2023-05-19]}
}

@online{Docebo_demo_1,
	title = {Docebo Learn LMS},
	url = {https://www.youtube.com/watch?v=lrV_ekAbQQY},
	author = {Docebo},
    note = {[Accessed: 2023-05-19]}
}

@online{Docebo_demo_2,
	title = {Getting started with your Docebo LMS platform},
	url = {https://www.youtube.com/watch?v=IgHHeRYEqZM},
	author = {{Docebo}},
    note = {[Accessed: 2023-05-19]}
}

@online{Litmos_demo,
	title = {Litmos Learner Basics Intro to Litmos},
	url = {https://www.youtube.com/watch?v=QvAEqrCjLr8},
	author = {Korissa Diehl},
    note = {[Accessed: 2023-05-19]}
}

@online{TalentLMS_demo,
	title = {TalentLMS Demo},
	url = {https://www.youtube.com/watch?v=ulxTuHGo4rw},
	author = {TalentLMS},
    note = {[Accessed: 2023-05-19]}
}



@online{discord_demo_1,
	title = {How Discord Works in 148,000 Miliseconds or Less},
	url = {https://www.youtube.com/watch?v=TJ13BA3-NR4},
	author = {Discord},
    note = {[Accessed: 2023-05-19]}
}

@online{discord_demo_2,
	title = {How to Use Discord - Beginner's Guide},
	url = {https://www.youtube.com/watch?v=rnYGrq95ezA},
	author = {Howfinity},
    note = {[Accessed: 2023-05-19]}
}

@online{discord_demo_3,
	title = {How to use Discord | Easy Discord tutorial for beginners},
	url = {https://www.youtube.com/watch?v=ppN9YbPX1Zo},
	author = {CyberNews},
    note = {[Accessed: 2023-05-19]}
}

@online{WhatsApp_demo,
	title = {How to Use Whatsapp - Beginner's Guide},
	url = {https://www.youtube.com/watch?v=y3EdIiJeTXk},
	author = {{Howfinity}},
    note = {[Accessed: 2023-05-19]}
}

@online{Messenger_demo,
	title = {How to Use Facebook Messenger - Beginner's Tutorial},
	url = {https://www.youtube.com/watch?v=By2dZw3eYwU},
	author = {{{Howfinity}}},
    note = {[Accessed: 2023-05-19]}
}

@online{snapchat_demo,
	title = {How To Use Snapchat! (Complete Beginners Guide) (2023)},
	url = {https://www.youtube.com/watch?v=y75VDIzS67s},
	author = {Simple Alpaca},
    note = {[Accessed: 2023-05-19]}
}

@online{ms_teams_demo,
	title = {�� Microsoft Teams Tutorial in 10 min},
	url = {https://www.youtube.com/watch?v=VDDPoYOQYfM},
	author = {Kevin Stratvert},
    note = {[Accessed: 2023-05-19]}
}

@online{Slack_demo,
	title = {How to use Slack},
	url = {https://www.youtube.com/watch?v=RRxQQxiM7AA},
	author = {{Kevin Stratvert}},
    note = {[Accessed: 2023-05-19]}
}

@online{Stack_Overflow_demo,
	title = {How to use Stack Overflow as a Beginner ?},
	url = {https://www.youtube.com/watch?v=Vt-Wf7d0CFo},
	author = {Programming Make Sense},
    note = {[Accessed: 2023-05-19]}
}

@online{Outlook_demo_1,
	title = {Top 20 Microsoft Outlook Tips & Tricks},
	url = {https://www.youtube.com/watch?v=edABo0VnHK8},
	author = {{{Kevin Stratvert}}},
    note = {[Accessed: 2023-05-19]}
}

@online{Outlook_demo_2,
	title = {Outlook 2021 Beginner Tutorial},
	url = {https://www.youtube.com/watch?v=A06SzD3ub5A},
	author = {Learnit Training},
    note = {[Accessed: 2023-05-19]}
}

@online{email_release,
	title = {A Brief History of Email: Dedicated to Ray Tomlinson},
	url = {https://phrasee.co/news/a-brief-history-of-email/},
	author = {Verity Jennings},
    note = {[Accessed: 2023-05-19]}
}



% online for software example
% @online{interview_bit_flask_2022,
% 	title = {Flask Vs Django: Which Python Framework to Choose?},
% 	url = {https://www.interviewbit.com/blog/flask-vs-django/},
% 	author = {{Interview Bit}},
% 	urldate = {2023-05-03},
% 	date = {2022-07-29},
%         note = {[Accessed: 2023-05-03]}
% }

% an article example
% @article{anarticle ,
% author = {Arthur B Cummings and David Eftekhary and Frank G House},
% title = {The accurate determination of college students’
% coefficients of friction},
% journal = {Journal of Sketchy Physics},
% volume = {13},
% year = {2003},
% number = {2},
% pages = {46--129}
% }

% a book example
% @book{abook ,
% author = {I J Kuss},
% title = {On the Importance of Kissing Up to Your Boss},
% edition = {5},
% publisher = {Dilbert Books},
% address = {Cambridge MA},
% year = {1995}
% }


% book series example
% @book{bookseries ,
% author = {L M Napster},
% title = {Mathematical Theory of Efficient Piracy},
% series = {Lecture Notes in Mathematics},
% volume = {3204},
% publisher = {Springer Verlag},
% address = {New York NY},
% year = {1998}
% }


% thesis example
% @phdthesis{thesis ,
% author = {O P Qwerty},
% title = {History of the Goofy Layout of Keyboards},
% publisher = {Podunk University Arcana Department},
% address = {Podunk IN},
% year = {1996}
% }

% report example
% @techreport{report ,
% author = {Robert Swearingen},
% title = {Morpholoty and syntax of British sailors’ English},
% series = {Technical Report},
% volume = {249},
% publisher = {Profanity Institute},
% address = {New York NY},
% year = {1985}
% }



% @incollection{collection ,
% author = {Tom Upsilon},
% title = {Obscure Greek letters and their meanings
% in mathematics and the sciences},
% editor = {V W Xavier},
% booktitle = {Proceedings of the seventh international
% trivia conference},
% publisher = {Last Resort Publishers},
% address = {Philadelphia PA},
% year = {1987},
% pages = {129--158}
% }


% website example
% @misc{website ,
% author = {James Tetazoo},
% title = {A brief guide to recreational pyromania},
% howpublished = {Available at \url{http://
% www.blowinglotsofweirdstuffup.com/guide.html} (2005/06/12)}
% }


% accepted for publication example
% @unpublished{acceptedpub ,
% author = {J Mentor},
% title = {Behavior of small animals on fire},
% journal = {Nature},
% note = {(in press)}
% }


% Submitted for publication example
% @unpublished{unpub ,
% author = {J Mentor},
% title = {Behavior of small animals on fire},
% note = {Unpublished Manuscript},
% year = {2012}
% }

% Not published example
% @unpublished{notpub ,
% author = {J Mentor},
% title = {Behavior of small animals on fire},
% note = {Unpublished Manuscript},
% year = {2012}
% }

% Conversation example
% @misc{conv ,
% author = {Sigmund Freud},
% month = {July},
% year = {2012},
% howpublished = {Personal conversation}
% }




